@article{rankdistance,
  title={{On the classification and aggregation of hierarchies with different constitutive elements}},
  journal={Fund. Inform. 55 (1)},
  pages={39-50},
  year={2003},
  author={Liviu P. Dinu}
}

